@msic{exercise,
title="Exercise 2, 2021, TFY4235 Computational Physics",
school="NTNU, Institutt for Fysikk"
}
