@msic{exercise,
author="Exercise 1, 2021, TFY4235 Computational Physics",
title="Institutt for Fysikk"
}

@article{TC,
author="Luding, Stefan and McNamara, Sean",
year="1998",
title="How to handle the inelastic collapse of a dissipative hard-sphere gas with the TC model",
journal="Granular Matter",
pages="113 --128",
volume="1",
DOI="https://doi.org/10.1007/s100350050017"
}

@msic{klasmek,
author="Akola, Jaakko and Johnsrud, Martin",
title="Exercises classical mechanics, exercise 5",
howpublished="\url{https://github.com/martkjoh/exercises_classical_mechanics}"
}