@misc{exam,
    author={{NTNU, Institutt for Fysikk}},
    title={Exam, TFY4235 Computational Physics},
    year={2021}
}

